<?xml version="1.0" encoding="UTF-8"?><collection xmlns="http://www.loc.gov/MARC21/slim"><record><leader>00462nam--2200157-i-4500</leader><controlfield tag="001">000007792</controlfield><controlfield tag="002">20161230</controlfield><controlfield tag="005">20170113233302</controlfield><controlfield tag="008">060222s1000------------r-----000-0-eng-d</controlfield><datafield ind1=" " ind2=" " tag="080"><subfield code="a">541.28:546</subfield></datafield><datafield ind1=" " ind2=" " tag="100"><subfield code="a">Blanc, Daniel</subfield></datafield><datafield ind1=" " ind2=" " tag="245"><subfield code="a">Les radioelements. Production, dosage, applica tions. Aec un chapitre regide par louis comm anay</subfield></datafield><datafield ind1=" " ind2=" " tag="260"><subfield code="a">Paris</subfield><subfield code="b">Masson Et C-ie</subfield><subfield code="c">1966</subfield></datafield><datafield ind1=" " ind2=" " tag="300"><subfield code="a">288 p.+83 fig.+63 tabl</subfield></datafield><datafield ind1=" " ind2=" " tag="852"><subfield code="a">24796</subfield></datafield><datafield ind1=" " ind2=" " tag="CAT"><subfield code="a">SYS</subfield><subfield code="c">20170113</subfield><subfield code="h">233302</subfield></datafield></record></collection>